@inproceedings{bartolome2011can,
  title={Can game-based therapies be trusted? Is game-based education effective? A systematic review of the serious games for health and education},
  author={Bartolome, Nuria A and Zorrilla, Amaia M{\'e}ndez and Zapirain, Bego{\~n}a Garc{\'\i}a},
  booktitle={Computer Games (CGAMES), 2011 16th International Conference on},
  pages={275--282},
  year={2011},
  organization={IEEE}
}

@inproceedings{drake2011teaching,
  title={Teaching introductory programming with popular board games},
  author={Drake, Peter and Sung, Kelvin},
  booktitle={Proceedings of the 42nd ACM technical symposium on Computer science education},
  pages={619--624},
  year={2011},
  organization={ACM}
}


@article{levy2007we,
  title={We work so hard and they don't use it: acceptance of software tools by teachers},
  author={Levy, Ronit Ben-Bassat and Ben-Ari, Mordechai},
  journal={ACM SIGCSE Bulletin},
  volume={39},
  number={3},
  pages={246--250},
  year={2007},
  publisher={ACM}
}

@inproceedings{ni2009makes,
  title={What makes CS teachers change?: factors influencing CS teachers' adoption of curriculum innovations},
  author={Ni, Lijun},
  booktitle={ACM SIGCSE Bulletin},
  volume={41},
  number={1},
  pages={544--548},
  year={2009},
  organization={ACM}
}

@inproceedings{naps2002exploring,
  title={Exploring the role of visualization and engagement in computer science education},
  author={Naps, Thomas L and R{\"o}{\ss}ling, Guido and Almstrum, Vicki and Dann, Wanda and Fleischer, Rudolf and Hundhausen, Chris and Korhonen, Ari and Malmi, Lauri and McNally, Myles and Rodger, Susan and others},
  booktitle={ACM SIGCSE Bulletin},
  volume={35},
  number={2},
  pages={131--152},
  year={2002},
  organization={ACM}
}

@article{wells1989teaching,
  title={Teaching multiple programming paradigms: a proposal for a paradigm general pseudocode},
  author={Wells, Mark B and Kurtz, Barry L},
  journal={ACM SIGCSE Bulletin},
  volume={21},
  number={1},
  pages={246--251},
  year={1989},
  publisher={ACM}
}

@article{mcgill2013demographics,
  title={Demographics of undergraduates studying games in the United States: a comparison of computer science students and the general population},
  author={McGill, Monica M and Settle, Amber and Decker, Adrienne},
  journal={Computer Science Education},
  volume={23},
  number={2},
  pages={158--185},
  year={2013},
  publisher={Taylor \& Francis}
}
@article{gourdin2005game,
  title={Game developer demographics: An exploration of workforce diversity},
  author={Gourdin, Adam},
  journal={Mt. Royal, New Jersey: International Game Developers Association},
  year={2005}
}

@article{ellison2007social,
  title={Social network sites: Definition, history, and scholarship},
  author={Ellison, Nicole B and others},
  journal={Journal of Computer-Mediated Communication},
  volume={13},
  number={1},
  pages={210--230},
  year={2007},
  publisher={Wiley Online Library}
}

@inproceedings{kempe2003maximizing,
  title={Maximizing the spread of influence through a social network},
  author={Kempe, David and Kleinberg, Jon and Tardos, {\'E}va},
  booktitle={Proceedings of the ninth ACM SIGKDD international conference on Knowledge discovery and data mining},
  pages={137--146},
  year={2003},
  organization={ACM}
}
@inproceedings{meyer2010primegame,
  title={THE {PrimeGame}: COMBINING SKILLS IN UNDERGRADUATE COMPUTER SCIENCE PROGRAMMES},
  author={Meyer, Manfred and Fendler, Jens},
  booktitle={Proceedings INTED'10},
  year={2010},
  publisher={IATED}
}

@inproceedings{meyer2011primegame,
	title={THE {PrimeGame} RELOADED: FINDING THE RIGHT BALANCE BETWEEN COOPERATION AND COMPETITION IN UNDERGRADUATE COMPUTER SCIENCE CLASSES},
	author={Meyer, Manfred},
	booktitle={Proceedings EDULEARN11 },
	year={2011},
	publisher={IATED}
}

@article{guo2014python,
	title={Python is now the most popular introductory teaching language at top US universities},
	author={Guo, Philip},
	journal={BLOG@ CACM, July},
	year={2014}
}
@article{grogan2006jsr,
	title={{JSR-223 Scripting for the Java \textsuperscript{TM} Platform}},
	author={Grogan, Mike},
	journal={Final Draft Specification, version},
	volume={1},
	year={2006}
}

@book{lindholm2014java,
	title={The Java virtual machine specification},
	author={Lindholm, Tim and Yellin, Frank and Bracha, Gilad and Buckley, Alex},
	year={2014},
	publisher={Pearson Education}
}

@article{grogan2006jsr,
	title={{JSR-223} Scripting for the {Java}\textsuperscript{TM} Platform},
	author={Grogan, Mike},
	journal={Final Draft Specification, version},
	volume={1},
	year={2006}
}

% gamification has positive impact on outcomes
@article{muratet2009towards,
	title={Towards a serious game to help students learn computer programming},
	author={Muratet, Mathieu and Torguet, Patrice and Jessel, Jean-Pierre and Viallet, Fabienne},
	journal={International Journal of Computer Games Technology},
	volume={2009},
	pages={3},
	year={2009},
	publisher={Hindawi Publishing Corp.}
}
@inproceedings{rankin2008impact,
	title={The impact of game design on students' interest in CS},
	author={Rankin, Yolanda and Gooch, Amy and Gooch, Bruce},
	booktitle={Proceedings GDCSE'08},
	pages={31--35},
	year={2008},
	organization={ACM}
}
@article{wang2009application,
	title={An application of a game development framework in higher education},
	author={Wang, Alf Inge and Wu, Bian},
	journal={International Journal of Computer Games Technology},
	volume={2009},
	pages={6},
	year={2009},
	publisher={Hindawi Publishing Corp.}
}

% other games

@inproceedings{henriksen2004greenfoot,
	title={Greenfoot: combining object visualisation with interaction},
	author={Henriksen, Poul and K{\"o}lling, Michael},
	booktitle={Proceedings OOPSLA'04},
	pages={73--82},
	year={2004},
	organization={ACM}
}

@article{nelson2001robocode,
	title={Robocode},
	author={Nelson, Mathew and Larsen, Flemming N},
	journal={IBM Advanced Technologies},
	year={2001}
}

@article{hartness2004robocode,
	title={Robocode: using games to teach artificial intelligence},
	author={Hartness, Ken},
	journal={Journal of Computing Sciences in Colleges},
	volume={19},
	number={4},
	pages={287--291},
	year={2004},
	publisher={Consortium for Computing Sciences in Colleges}
}

@article{resnick2009scratch,
	title={Scratch: programming for all},
	author={Resnick, Mitchel and Maloney, John and Monroy-Hern{\'a}ndez, Andr{\'e}s and Rusk, Natalie and Eastmond, Evelyn and Brennan, Karen and Millner, Amon and Rosenbaum, Eric and Silver, Jay and Silverman, Brian and others},
	journal={Communications of the ACM},
	volume={52},
	number={11},
	pages={60--67},
	year={2009},
	publisher={ACM}
}

@article{utting2010alice,
	title={Alice, greenfoot, and scratch--a discussion},
	author={Utting, Ian and Cooper, Stephen and K{\"o}lling, Michael and Maloney, John and Resnick, Mitchel},
	journal={ACM Transactions on Computing Education (TOCE)},
	volume={10},
	number={4},
	pages={17},
	year={2010},
	publisher={ACM}
}

@inproceedings{GuoSIGCSE2013,
	author = {Guo, Philip},
	title = {{Online Python Tutor}: Embeddable Web-based Program Visualization for {CS} Education},
	booktitle = {Proceedings SIGCSE '13},
	year = {2013},
	isbn = {978-1-4503-1868-6},
	location = {Denver, Colorado, USA},
	url = {http://doi.acm.org/10.1145/2445196.2445368},
	doi = {10.1145/2445196.2445368},
	acmid = {2445368},
	publisher = {ACM},
	address = {New York, USA},
	keywords = {CS1, program visualization, python},
}

@article{bruneton2002asm,
	title={ASM: a code manipulation tool to implement adaptable systems},
	author={Bruneton, Eric and Lenglet, Romain and Coupaye, Thierry},
	journal={Adaptable and extensible component systems},
	volume={30},
	year={2002}
}

@article{beck1998test,
	title={Test infected: Programmers love writing tests},
	author={Beck, Kent and Gamma, Erich},
	journal={Java Report},
	volume={3},
	number={7},
	pages={37--50},
	year={1998}
}

@book{goetz2006java,
	title={Java concurrency in practice},
	author={Goetz, Brian and Peierls, Tim},
	year={2006},
	publisher={Pearson Education}
}

@article{mccabe1976complexity,
	title={A complexity measure},
	author={McCabe, Thomas J},
	journal={Software Engineering, IEEE Transactions on},
	number={4},
	pages={308--320},
	year={1976},
	publisher={IEEE}
}

@phdthesis{fielding2000architectural,
	title={Architectural styles and the design of network-based software architectures},
	author={Fielding, Roy Thomas},
	year={2000},
	school={University of California, Irvine}
}